
@article{fink_perfect_2007,
	title = {Perfect matchings extend to {Hamilton} cycles in hypercubes},
	volume = {97},
	issn = {00958956},
	url = {https://linkinghub.elsevier.com/retrieve/pii/S0095895607000354},
	doi = {10.1016/j.jctb.2007.02.007},
	language = {en},
	number = {6},
	urldate = {2023-10-31},
	journal = {Journal of Combinatorial Theory, Series B},
	author = {Fink, Jiří},
	month = nov,
	year = {2007},
	pages = {1074--1076},
	file = {Submitted Version:/home/juan/Zotero/storage/2LQXPFLX/Fink - 2007 - Perfect matchings extend to Hamilton cycles in hyp.pdf:application/pdf},
}

@article{harary_survey_1988,
	title = {A survey of the theory of hypercube graphs},
	volume = {15},
	issn = {08981221},
	url = {https://linkinghub.elsevier.com/retrieve/pii/0898122188902131},
	doi = {10.1016/0898-1221(88)90213-1},
	language = {en},
	number = {4},
	urldate = {2023-11-01},
	journal = {Computers \& Mathematics with Applications},
	author = {Harary, Frank and Hayes, John P. and Wu, Horng-Jyh},
	year = {1988},
	pages = {277--289},
	file = {Full Text:/home/juan/Zotero/storage/MAXHZDSX/Harary et al. - 1988 - A survey of the theory of hypercube graphs.pdf:application/pdf},
}
